% Group lasso
@article{meier2008group,
  title={The group lasso for logistic regression},
  author={Meier, Lukas and Van De Geer, Sara and B{\"u}hlmann, Peter},
  journal={Journal of the Royal Statistical Society: Series B (Statistical Methodology)},
  volume={70},
  number={1},
  pages={53--71},
  year={2008},
  publisher={Wiley Online Library}
}

% Sparse Group lasso
@article{friedman2010note,
  title={A note on the group lasso and a sparse group lasso},
  author={Friedman, Jerome and Hastie, Trevor and Tibshirani, Robert},
  journal={arXiv preprint arXiv:1001.0736},
  year={2010}
}

% Sparse overlapping set lasso
@inproceedings{rao2013sparse,
  title={Sparse overlapping sets lasso for multitask learning and its application to fMRI analysis},
  author={Rao, Nikhil and Cox, Christopher and Nowak, Rob and Rogers, Timothy T},
  booktitle={Advances in neural information processing systems},
  pages={2202--2210},
  year={2013}
}

% LASSO (14k citations!)
@article{tibshirani1996regression,
  title={Regression shrinkage and selection via the lasso},
  author={Tibshirani, Robert},
  journal={Journal of the Royal Statistical Society. Series B (Methodological)},
  pages={267--288},
  year={1996},
  publisher={JSTOR}
}

% L0 norm
@MISC{Mørup_approximatel0,
    author = {Morten Mørup and Kristoffer Hougaard Madsen and Lars Kai Hansen and Informatics},
    title = {Approximate L0 constrained Non-negative Matrix and Tensor Factorization},
    year = {}
}
